%%%%%%%%%%%%% RFC %%%%%%%%%%%%%%%%%%%%
@misc{rfc_owamp,
    author = "Shalunov, S. and Teitelbaum, B. and Karp, A. and Boote, J. and 
        Zekauskas, M.",
    title = "A One\,--\,way Active Measurement Protocol (OWAMP)",
    note = "RFC 4656. Září 2006",
}

@misc{rfc_owamp_req,
    author = "Shalunov, S. and Teitelbaum, B.",
    title = "A One\,--\,way Active Measurement Protocol (OWAMP) Requirements",
    note = "RFC 3763. Duben 2004",
}

%toto je prve rfc
@misc{rfc_delay_metric,
    author = "Almes, G. and Kalidindi, S. and Zekauskas, M.",
    title = "A One\,--\,way Delay Metric for IPPM",
    note = "RFC 2679. Září 1999",
}

@misc{rfc_delay_variation_metric,
    author = "Demichelis, C. and Chimento, P.",
    title = "IP Packet Delay Variation Metric for IP Performance Metrics (IPPM)",
    note = "RFC 3393. Listopad 2002",
}

@misc{rfc_delay_variation_metric_2,
    author = "Claise, B. and Morton, A.",
    title = "Packet Delay Variaton Applicability Statement",
    note = "RFC 5481. Březen 2009",
}

@misc{rfc_rtp,
    author = "Schulzrinne, H. and  Casner, S. and Frederick, R. and Jacobson, V.",
    title = "RTP: A Transport Protocol for Real-Time Applications",
    note = "RFC 3550. Červenec 2003",
}

@misc{rfc_bench_term,
    author = "Bradner, S.",
    title = "Benchmarking Terminology for Network Interconnection Devices",
    note = "RFC 1242. Červenec 1991",
}

@misc{rfc_tcp_throughput,
    author = "Constantine, B. and Forget, G. and Geib, R. and Schrage, R.",
    title = "Framework for TCP Throughput Testing",
    note = "RFC 6349. Srpen 2011",
}

@misc{rfc_ipv4_pmtud,
    author = "Mogul, J. and Deering, S.",
    title = "Path MTU Discovery",
    note = "RFC 1191. Listopad 1990",
}

@misc{rfc_2544,
    author = "Bradner, S. and McQuaid",
    title = "Benchmarking Mthodology for Network Interconnect Devices",
    note = "RFC 2544. Březen 1999",
}

@misc{rfc_ipv6_pmtud,
    author = "McCann, J. and Deering, S. and Mogul, J.",
    title = "Path MTU Discovery for IP version 6",
    note = "RFC 1981. Srpen 1996",
}

%toto je prve rfc
@misc{rfc_one_way_loss,
    author = "Almesak, G. and Kalidindi, S. and Zekauskas, M.",
    title = "A One\,--\,way Packet Loss Metric for IPPM",
    note = "RFC 2680. Září 1991",
}

@misc{rfc_reorder,
    author = "Morton, A. and Ciavattone, L. and Ramachandran, G. and Shalunov,
    S. and Perser, J.",
    title = "Packet Reordering Metrics",
    note = "RFC 4737. Listopad 2006",
}

@misc{rfc_perf_metrics,
    author = "Paxson, V. and Almes, G. and Mahdavi, J. and Mathis, M.",
    title = "Framework for IP Performance Metrics",
    note = "RFC 2330. Květen 1998",
}

%%%%%%%%%%%%% Tools %%%%%%%%%%%%%%%%%%%%
@Misc{bwping_home,
    title = "BWPing",
    howpublished = "online",
    url = "http://bwping.sourceforge.net/",
    cited = "2012-3-24",
}

@Misc{nuttcp_home,
    title = "Manpage of NUTTCP",
    howpublished = "online",
    url = "http://www.lcp.nrl.navy.mil/nuttcp/nuttcp.html",
    cited = "2012-3-22",
}

@Misc{thurlay-ng_home,
    title = "thurlay-ng",
    howpublished = "online",
    url = "http://thrulay-ng.sourceforge.net/",
    cited = "2013-3-19",
}

@Misc{iperf_dast,
    author = "Gates, M. and Warshavsky, A. and Tirumala, A. and Dugan, J. and
        Gibbs, K.",
    title = "DAST library",
    howpublished = "online",
    url = "http://pirlwww.lpl.arizona.edu/resources/guide/software/iperf/lib.html",
    cited = "2012-12-3",
    revised = "2003-1-3"
}

@Misc{netperf_manual,
    author = "Jones, Rick",
    title = "Care and Feeding of Netperf 2.6.X",
    subtitle = "Netperf Manual",
    howpublished = "online",
    url = "http://www.netperf.org/svn/netperf2/tags/netperf-2.6.0/doc/netperf.html",
    cited = "2012-12-5",
    revised = "2012",
}

@Misc{bwctld_manual,
    title = "Bandwith Test Controller (BWCTL)",
    subtitle = "bwctld",
    howpublished = "online",
    url = "http://www.internet2.edu/performance/bwctl/bwctld.man.html",
    cited = "2012-12-5",
    revised = "2009-2-23"
}

@misc{owamp_home,
    author = "Boote, Jeff and Karp, Anatoly",
    title = "One\,--\,Way Ping (OWAMP)",
    subtitle = "OWAMP Version 3.3",
    howpublished = "online",
    url = "http://www.internet2.edu/performance/owamp/index.html",
    cited = "2012-12-10",
    revised = "2012-4-18"
}

@BOOK{statistika,
      author =       "Cyhelský, Lubomír and Souček, Eduard",
      title =        "Základy statistiky",
      publisher =    "Vysoká škola finanční a správní",
      year =         "2009",
      isbn =         "978-80-7408-013-5",
      address = "Praha",
}

